@article{ray2023measuring,
  title={Measuring upward mobility},
  author={Ray, Debraj and Genicot, Garance},
  journal={American Economic Review},
  volume={113},
  number={11},
  pages={3044--3089},
  year={2023},
  publisher={American Economic Association 2014 Broadway, Suite 305, Nashville, TN 37203}
}

@article{durlauf2022great,
	title={The great gatsby curve},
	author={Durlauf, Steven N and Kourtellos, Andros and Tan, Chih Ming},
	journal={Annual Review of Economics},
	volume={14},
	number={1},
	pages={571--605},
	year={2022},
	publisher={Annual Reviews}
}

@article{apouey2023ordinal,
  title={Ordinal variables and the measurement of upward and downward intergenerational educational mobility in european countries},
  author={Apouey, B{\'e}n{\'e}dicte and Nissanov, Zoya and Silber, Jacques},
  journal={Review of Income and Wealth},
  volume={69},
  number={3},
  pages={776--800},
  year={2023},
  publisher={Wiley Online Library}
}

@book{Bartholomew1967,
  author    = {Bartholomew, D.J.},
  title     = {Stochastic Models for Social Processes},
  year      = {1967},
  publisher = {John Wiley \& Sons},
  address   = {London},
  edition   = {First},
  isbn      = {978-0471054504}
}

@article{bibby1975methods,
  title={Methods of measuring mobility.},
  author={Bibby, John},
  journal={Quality \& Quantity},
  volume={9},
  number={2},
  year={1975}
}

@article{prais1955measuring,
  title={Measuring social mobility},
  author={Prais, Sig J},
  journal={Journal of the Royal Statistical Society. Series A (General)},
  volume={118},
  number={1},
  pages={56--66},
  year={1955},
  publisher={JSTOR}
}

@techreport{mueller2021entropy,
  author = {Mueller, Georg P.},
  title = {Entropy measures of social mobility: The example of the intergenerational transmission of education},
  year = {2021},
  institution = {FORS},
  series = {FORS Working Paper Series},
  number = {2021-3},
  address = {Lausanne, Switzerland}
}


@article{van2024intergenerational,
  title={Intergenerational mobility around the world: A new database},
  author={Van der Weide, Roy and Lakner, Christoph and Mahler, Daniel Gerszon and Narayan, Ambar and Gupta, Rakesh},
  journal={Journal of Development Economics},
  volume={166},
  pages={103167},
  year={2024},
  publisher={Elsevier}
}

@book{bassi2012disconnected,
  title={Disconnected: Skills, education, and employment in Latin America},
  author={Bassi, Marina and Busso, Mat{\'\i}as and Urz{\'u}a, Sergio and Vargas, Jaime},
  year={2012},
  publisher={Inter-American Development Bank}
}

@article{morris1996asia,
  title={Asia's four little tigers: A comparison of the role of education in their development},
  author={Morris, Paul},
  journal={Comparative education},
  volume={32},
  number={1},
  pages={95--110},
  year={1996},
  publisher={Taylor \& Francis}
}

@article{csiszar1975divergence,
  title={I-divergence geometry of probability distributions and minimization problems},
  author={Csisz{\'a}r, Imre},
  journal={The annals of probability},
  pages={146--158},
  year={1975},
  publisher={JSTOR}
}

@article{jeffreys1946invariant,
  title={An invariant form for the prior probability in estimation problems},
  author={Jeffreys, Harold},
  journal={Proceedings of the Royal Society of London. Series A. Mathematical and Physical Sciences},
  volume={186},
  number={1007},
  pages={453--461},
  year={1946},
  publisher={The Royal Society London}
}

@article{chatterjee2008distances,
  title={Distances between probability measures},
  author={Chatterjee, Sourav},
  journal={PDF lecture notes, UC Berkeley. Archived from the original on July},
  volume={8},
  pages={2008},
  year={2008}
}

@book{narayan2018fair,
  author    = {Narayan, Ambar and Van der Weide, Roy and Cojocaru, Alexandru and Lakner, Christoph and Redaelli, Silvia and Mahler, Daniel Gerszon and Ramasubbaiah, Rakesh Gupta N and Thewissen, Stefan},
  title     = {Fair Progress?: Economic Mobility Across Generations Around the World},
  publisher = {World Bank},
  year      = {2018},
  address   = {Washington, DC},
  series    = {Equity and Development}
}

@article{chetty2014land,
  title={Where is the land of opportunity? The geography of intergenerational mobility in the United States},
  author={Chetty, Raj and Hendren, Nathaniel and Kline, Patrick and Saez, Emmanuel},
  journal={The quarterly journal of economics},
  volume={129},
  number={4},
  pages={1553--1623},
  year={2014},
  publisher={MIT Press}
}

@article{sen2000development,
  title={Development as freedom},
  author={Sen, Amartya},
  journal={Development in Practice-Oxford-},
  volume={10},
  number={2},
  pages={258--258},
  year={2000},
  publisher={OXFAM}
}

@article{corak2020canadian,
  title={The Canadian geography of intergenerational income mobility},
  author={Corak, Miles},
  journal={The Economic Journal},
  volume={130},
  number={631},
  pages={2134--2174},
  year={2020},
  publisher={Oxford University Press}
}

@article{asher2019getting,
  title={Getting Signal from Interval Data: Theory and Applications to Mortality and Intergenerational Mobility},
  author={Asher, Sam and Novosad, Paul and Rafkin, Charlie},
  journal={World Bank Working Paper, Washington DC: World Bank},
  year={2019}
}

@article{alesina2021intergenerational,
  title={Intergenerational mobility in Africa},
  author={Alesina, Alberto and Hohmann, Sebastian and Michalopoulos, Stelios and Papaioannou, Elias},
  journal={Econometrica},
  volume={89},
  number={1},
  pages={1--35},
  year={2021},
  publisher={Wiley Online Library}
}

@article{chetty2017fading,
  title={The fading American dream: Trends in absolute income mobility since 1940},
  author={Chetty, Raj and Grusky, David and Hell, Maximilian and Hendren, Nathaniel and Manduca, Robert and Narang, Jimmy},
  journal={Science},
  volume={356},
  number={6336},
  pages={398--406},
  year={2017},
  publisher={American Association for the Advancement of Science}
}

@article{fleury2018intergenerational,
  title={The intergenerational transmission of education. A meta-regression analysis},
  author={Fleury, Nicolas and Gilles, Fabrice},
  journal={Education Economics},
  volume={26},
  number={6},
  pages={557--573},
  year={2018},
  publisher={Taylor \& Francis}
}

@article{halliday2021intergenerational,
  title={Intergenerational mobility in self-reported health status in the US},
  author={Halliday, Timothy and Mazumder, Bhashkar and Wong, Ashley},
  journal={Journal of Public Economics},
  volume={193},
  pages={104307},
  year={2021},
  publisher={Elsevier}
}

@article{molina2011intergenerational,
  title={Intergenerational well-being mobility in Europe},
  author={Molina, Jos{\'e} Alberto and Navarro, Mari{\'a} and Walker, Ian},
  journal={Kyklos},
  volume={64},
  number={2},
  pages={253--270},
  year={2011},
  publisher={Wiley Online Library}
}

@article{blanden2013cross,
  title={Cross-country rankings in intergenerational mobility: a comparison of approaches from economics and sociology},
  author={Blanden, Jo},
  journal={Journal of Economic Surveys},
  volume={27},
  number={1},
  pages={38--73},
  year={2013},
  publisher={Wiley Online Library}
}

@article{wu2019inequality,
	title={Inequality and social stratification in postsocialist China},
	author={Wu, Xiaogang},
	journal={Annual Review of Sociology},
	volume={45},
	number={1},
	pages={363--382},
	year={2019},
	publisher={Annual Reviews}
}

@article{sahlberg2011fourth,
	title={The fourth way of Finland},
	author={Sahlberg, Pasi},
	journal={Journal of educational change},
	volume={12},
	pages={173--185},
	year={2011},
	publisher={Springer}
}


@article{maurin2008vive,
	title={Vive la revolution! Long-term educational returns of 1968 to the angry students},
	author={Maurin, Eric and McNally, Sandra},
	journal={Journal of Labor Economics},
	volume={26},
	number={1},
	pages={1--33},
	year={2008},
	publisher={The University of Chicago Press}
}


@techreport{bailey2011gains,
	title={Gains and gaps: Changing inequality in US college entry and completion},
	author={Bailey, Martha J and Dynarski, Susan M},
	year={2011},
	institution={National Bureau of Economic Research}
}

@article{buchmann2009stratification,
	title={Stratification and the formation of expectations in highly differentiated educational systems},
	author={Buchmann, Claudia and Park, Hyunjoon},
	journal={Research in Social Stratification and Mobility},
	volume={27},
	number={4},
	pages={245--267},
	year={2009},
	publisher={Elsevier}
}

@article{boliver2013fair,
	title={How fair is access to more prestigious UK universities?},
	author={Boliver, Vikki},
	journal={The British journal of sociology},
	volume={64},
	number={2},
	pages={344--364},
	year={2013},
	publisher={Wiley Online Library}
}

@article{deutscher2023measuring,
  title={Measuring intergenerational income mobility: A synthesis of approaches},
  author={Deutscher, Nathan and Mazumder, Bhashkar},
  journal={Journal of Economic Literature},
  volume={61},
  number={3},
  pages={988--1036},
  year={2023},
  publisher={American Economic Association 2014 Broadway, Suite 305, Nashville, TN 37203-2425}
}

@article{van2005social,
	title={Social background, credential inflation and educational strategies},
	author={Van de Werfhorst, Herman G and Andersen, Robert},
	journal={Acta sociologica},
	volume={48},
	number={4},
	pages={321--340},
	year={2005},
	publisher={Sage Publications Sage UK: London, England}
}

@book{world2018learning,
	title={Learning: To Realize Education's Promise},
	author={World Bank},
	year={2018},
	publisher={World Bank Group}
}

@article{holmlund2011causal,
  title={The causal effect of parents' schooling on children's schooling: A comparison of estimation methods},
  author={Holmlund, Helena and Lindahl, Mikael and Plug, Erik},
  journal={Journal of economic literature},
  volume={49},
  number={3},
  pages={615--651},
  year={2011},
  publisher={American Economic Association}
}

@incollection{roemer2015equality,
  title={Equality of opportunity},
  author={Roemer, John E and Trannoy, Alain},
  booktitle={Handbook of income distribution},
  volume={2},
  pages={217--300},
  year={2015},
  publisher={Elsevier}
}

@book{Rawls1971,
  author    = {John Rawls},
  title     = {A Theory of Justice},
  year      = {1971},
  publisher = {Harvard University Press},
  address   = {Harvard, MA}
}

@article{krylova2025social,
	title={Social Progress Index 1990--2020: measuring societal wellbeing over 31 years},
	author={Krylova, Petra and Harmacek, Jaromir and Htitich, Mohamed},
	journal={International Journal of Social Research Methodology},
	pages={1--16},
	year={2025},
	publisher={Taylor \& Francis}
}

@book{stiglitz2010mismeasuring,
	title={Mismeasuring our lives: Why GDP doesn't add up},
	author={Stiglitz, Joseph E and Sen, Amartya and Fitoussi, Jean-Paul},
	year={2010},
	publisher={The New Press}
}

@article{dardanoni2012stochastic,
	title={Stochastic monotonicity in intergenerational mobility tables},
	author={Dardanoni, Valentino and Fiorini, Mario and Forcina, Antonio},
	journal={Journal of Applied Econometrics},
	volume={27},
	number={1},
	pages={85--107},
	year={2012},
	publisher={Wiley Online Library}
}

@article{song2021multigenerational,
	title={Multigenerational social mobility: A demographic approach},
	author={Song, Xi},
	journal={Sociological Methodology},
	volume={51},
	number={1},
	pages={1--43},
	year={2021},
	publisher={SAGE Publications Sage CA: Los Angeles, CA}
}

@book{pullum_occupational_1981,
	author    = {Thomas W. Pullum},
	title     = {Measuring Occupational Inheritance},
	publisher = {Elsevier},
	location  = {New York},
	year      = {1975}
}

@article{roemer2016equality,
	title={Equality of opportunity: Theory and measurement},
	author={Roemer, John E and Trannoy, Alain},
	journal={Journal of Economic Literature},
	volume={54},
	number={4},
	pages={1288--1332},
	year={2016},
	publisher={American Economic Association 2014 Broadway, Suite 305, Nashville, TN 37203-2425}
}

@book{roemer2000equality,
	title={Equality of Opportunity},
	author={Roemer, J.E.},
	isbn={9780674004221},
	lccn={97033525},
	year={1998},
	publisher={Harvard University Press}
}

@techreport{torche2021intergenerational,
	title={Intergenerational mobility in Latin America in comparative perspective},
	author={Torche, Florencia},
	year={2021},
	institution={Working Paper 2, UNDP LAC. Background Paper for the UNDP LAC 2021 Regional~…}
}

@article{khan2024intergenerational,
	title={Intergenerational Mobility in South Asia},
	author={Khan, Zanbaz Ahmed and Patra, Biswajit},
	journal={South Asia Economic Journal},
	volume={25},
	number={1},
	pages={7--25},
	year={2024},
	publisher={SAGE Publications Sage India: New Delhi, India}
}

@book{leone2019intergenerational,
	title={Intergenerational mobility in education: Estimates of the worldwide variation},
	author={Leone, Tharcisio},
	number={2},
	year={2019},
	publisher={UNRISD Occasional Paper-Overcoming Inequalities in a Fractured World~…}
}

@article{clemente2025using,
	title={Using machine learning to unveil the predictors of intergenerational mobility},
	author={Clemente-Casinhas, Lu{\'\i}s and Ferreira-Lopes, Alexandra and Martins, Lu{\'\i}s Filipe},
	journal={Review of Income and Wealth},
	volume={71},
	number={1},
	pages={e12710},
	year={2025},
	publisher={Wiley Online Library}
}

@article{ebeke2023intergenerational,
	title={Intergenerational Mobility and the Growth--Inequality--Poverty Nexus in Africa},
	author={Ebeke, Christian H},
	journal={Journal of African Economies},
	volume={32},
	number={Supplement\_2},
	pages={ii99--ii112},
	year={2023},
	publisher={Oxford University Press}
}

@article{nybom2018intergenerational,
	title={Intergenerational mobility: A dream deferred},
	author={Nybom, Martin},
	journal={International Labour Organization Research Paper Series},
	year={2018}
}

@article{duong2024really,
	title={What really matters for global intergenerational mobility?},
	author={Duong, Khanh},
	journal={Plos one},
	volume={19},
	number={6},
	pages={e0302173},
	year={2024},
	publisher={Public Library of Science San Francisco, CA USA}
}

@article{bingley2019correlation,
	title={Correlation of brothers' earnings and intergenerational transmission},
	author={Bingley, Paul and Cappellari, Lorenzo},
	journal={Review of Economics and Statistics},
	volume={101},
	number={2},
	pages={370--383},
	year={2019},
	publisher={MIT Press One Rogers Street, Cambridge, MA 02142-1209, USA journals-info~…}
}


@article{solon1991longitudinal,
	title={A longitudinal analysis of sibling correlations in economic status},
	author={Solon, Gary and Corcoran, Mary and Gordon, Roger and Laren, Deborah},
	journal={Journal of Human resources},
	pages={509--534},
	year={1991},
	publisher={JSTOR}
}

@article{bjorklund2012equality,
	title={Equality of opportunity and the distribution of long-run income in Sweden},
	author={Bj{\"o}rklund, Anders and J{\"a}ntti, Markus and Roemer, John E},
	journal={Social choice and welfare},
	volume={39},
	pages={675--696},
	year={2012},
	publisher={Springer}
}

@article{bjorklund2010more,
	title={What more than parental income, education and occupation? An exploration of what Swedish siblings get from their parents},
	author={Bj{\"o}rklund, Anders and Lindahl, Lena and Lindquist, Matthew J},
	journal={The BE Journal of Economic Analysis \& Policy},
	volume={10},
	number={1},
	year={2010},
	publisher={De Gruyter}
}

@incollection{mitnik2020inequality,
	title={Inequality of opportunity for income in Denmark and the United States: A comparison based on administrative data},
	author={Mitnik, Pablo A and Hels{\o}, Anne-Line Koch and Bryant, Victoria L},
	booktitle={Measuring and Understanding the Distribution and Intra/Inter-Generational Mobility of Income and Wealth},
	year={2020},
	publisher={University of Chicago Press}
}

@incollection{mitnik2020inequality,
	title={Inequality of opportunity for income in Denmark and the United States: A comparison based on administrative data},
	author={Mitnik, Pablo A and Hels{\o}, Anne-Line Koch and Bryant, Victoria L},
	booktitle={Measuring and Understanding the Distribution and Intra/Inter-Generational Mobility of Income and Wealth},
	year={2020},
	publisher={University of Chicago Press}
}

@incollection{peragine2015individual,
	title={Individual Responsibility and Equality of Opportunity},
	author={Peragine, Vitorocco and Ferreira, F and others},
	booktitle={Handbook of Well Being and Public Policy},
	year={2015},
	publisher={Oxford University Press}
}

@article{ray2023measuring,
	title={Measuring upward mobility},
	author={Ray, Debraj and Genicot, Garance},
	journal={American Economic Review},
	volume={113},
	number={11},
	pages={3044--3089},
	year={2023},
	publisher={American Economic Association 2014 Broadway, Suite 305, Nashville, TN 37203}
}

@article{ahsan2025making,
	title={Making the most of coresident data: Credible evidence on intergenerational mobility with sibling correlation},
	author={Ahsan, Md Nazmul and Emran, M Shahe and Jiang, Hanchen and Shilpi, Forhad},
	journal={Journal of Development Economics},
	volume={176},
	pages={103508},
	year={2025},
	publisher={Elsevier}
}

@article{hu2023gender,
	title={Gender, education expansion and intergenerational educational mobility around the world},
	author={Hu, Yang and Qian, Yue},
	journal={Nature Human Behaviour},
	volume={7},
	number={4},
	pages={583--595},
	year={2023},
	publisher={Nature Publishing Group UK London}
}


@article{di2013new,
	title={A new proposal to gauge intergenerational mobility: Educational mobility in Europe as a case study},
	author={Di Paolo, Antonio and Raymond, Josep Llu{\'\i}s and Calero, Jorge},
	journal={Social indicators research},
	volume={114},
	pages={947--962},
	year={2013},
	publisher={Springer}
}

@article{apouey2023ordinal,
	title={Ordinal variables and the measurement of upward and downward intergenerational educational mobility in european countries},
	author={Apouey, B{\'e}n{\'e}dicte and Nissanov, Zoya and Silber, Jacques},
	journal={Review of Income and Wealth},
	volume={69},
	number={3},
	pages={776--800},
	year={2023},
	publisher={Wiley Online Library}
}

@article{borisov2020intergenerational,
	title={Intergenerational earnings mobility in post-Soviet Russia},
	author={Borisov, Gleb V and Pissarides, Christopher A},
	journal={Economica},
	volume={87},
	number={345},
	pages={1--27},
	year={2020},
	publisher={Wiley Online Library}
}

@article{azomahou2021intergenerational,
	title={Intergenerational mobility in education: Is Africa different?},
	author={Azomahou, Th{\'e}ophile T and Yitbarek, Eleni},
	journal={Contemporary Economic Policy},
	volume={39},
	number={3},
	pages={503--523},
	year={2021},
	publisher={Wiley Online Library}
}


@incollection{checchi2003mobility,
	title={Mobility Comparisons: Does using different measures matter?},
	author={Checchi, Daniele and Dardanoni, Valentino},
	booktitle={Inequality, Welfare and Poverty: Theory and Measurement},
	pages={113--145},
	year={2003},
	publisher={Emerald Group Publishing Limited}
}

@article{chetty2014land,
	title={Where is the land of opportunity? The geography of intergenerational mobility in the United States},
	author={Chetty, Raj and Hendren, Nathaniel and Kline, Patrick and Saez, Emmanuel},
	journal={The quarterly journal of economics},
	volume={129},
	number={4},
	pages={1553--1623},
	year={2014},
	publisher={MIT Press}
}

@article{heidrich2017intergenerational,
	title={Intergenerational mobility in Sweden: a regional perspective},
	author={Heidrich, Stefanie},
	journal={Journal of Population Economics},
	volume={30},
	number={4},
	pages={1241--1280},
	year={2017},
	publisher={Springer}
}

@article{corak2020canadian,
	title={The Canadian geography of intergenerational income mobility},
	author={Corak, Miles},
	journal={The Economic Journal},
	volume={130},
	number={631},
	pages={2134--2174},
	year={2020},
	publisher={Oxford University Press}
}

@article{acciari2022and,
	title={And yet it moves: Intergenerational mobility in Italy},
	author={Acciari, Paolo and Polo, Alberto and Violante, Giovanni L},
	journal={American Economic Journal: Applied Economics},
	volume={14},
	number={3},
	pages={118--163},
	year={2022},
	publisher={American Economic Association 2014 Broadway, Suite 305, Nashville, TN 37203-2425}
}

@article{butikofer2025breaking,
	title={Breaking the links: Natural resource booms and intergenerational mobility},
	author={B{\"u}tikofer, Aline and Dalla-Zuanna, Antonio and Salvanes, Kjell G},
	journal={Review of Economics and Statistics},
	volume={107},
	number={2},
	pages={306--323},
	year={2025},
	publisher={MIT Press 255 Main Street, 9th Floor, Cambridge, Massachusetts 02142, USA~…}
}

@article{pekkarinen2009school,
	title={School tracking and intergenerational income mobility: Evidence from the Finnish comprehensive school reform},
	author={Pekkarinen, Tuomas and Uusitalo, Roope and Kerr, Sari},
	journal={Journal of public Economics},
	volume={93},
	number={7-8},
	pages={965--973},
	year={2009},
	publisher={Elsevier}
}

@article{nybom2017biases,
	title={Biases in standard measures of intergenerational income dependence},
	author={Nybom, Martin and Stuhler, Jan},
	journal={Journal of Human Resources},
	volume={52},
	number={3},
	pages={800--825},
	year={2017},
	publisher={University of Wisconsin Press}
}

@article{mazumder2008sibling,
	title={Sibling similarities and economic inequality in the US},
	author={Mazumder, Bhashkar},
	journal={Journal of Population Economics},
	volume={21},
	number={3},
	pages={685--701},
	year={2008},
	publisher={Springer}
}

@article{causa2010intergenerational,
	title={Intergenerational social mobility in OECD countries},
	author={Causa, Orsetta and Johansson, {\AA}sa},
	journal={OECD Journal: Economic Studies},
	volume={2010},
	number={1},
	pages={1--44},
	year={2010}
}